@Article{hainmueller2013,
	title = {Causal Inference in Conjoint Analysis: Understanding Multi-Dimensional Choices via Stated Preference Experiments},
	author = {Jens Hainmueller and Daniel J. Hopkins and Teppei Yamamoto},
	journal={Political Analysis},
  volume={22},
  number={1},
  pages={1--30},
  year={2014},
  publisher={Cambridge University Press}
}

@Misc{Orme2002,
	title = {Formulating Attributes and Levels in Conjoint Analysis},
	author = {Bryan Orme},
	year = {2002},
	note = {\href{http://www.sawtoothsoftware.com/download/techpap/formatt.pdf}{http://www.sawtoothsoftware.com/download/techpap/formatt.pdf}},
	howpublished = {Sawtooth Software Research Paper Series}
}
